@article{Xu17,
    author    = {Pei Xu},
    title     = {A Real-time Hand Gesture Recognition and Human-Computer Interaction
               System},
    journal   = {CoRR},
    volume    = {abs/1704.07296},
    year      = {2017},
    url       = {http://arxiv.org/abs/1704.07296},
    archivePrefix = {arXiv},
    eprint    = {1704.07296},
    timestamp = {Mon, 07 Aug 2017 11:55:33 +0200},
    biburl    = {https://dblp.org/rec/bib/journals/corr/Xu17},
    bibsource = {dblp computer science bibliography, https://dblp.org}
}

@article{Haria17,
    title = "Hand Gesture Recognition for Human Computer Interaction",
    journal = "Procedia Computer Science",
    volume = "115",
    pages = "367 - 374",
    year = "2017",
    note = "7th International Conference on Advances in Computing and Communications, ICACC-2017, 22-24 August 2017, Cochin, India",
    issn = "1877-0509",
    doi = "https://doi.org/10.1016/j.procs.2017.09.092",
    url = "http://www.sciencedirect.com/science/article/pii/S1877050917319130",
    author = "Aashni Haria and Archanasri Subramanian and Nivedhitha Asokkumar and Shristi Poddar and Jyothi S Nayak",
    keywords = "Human Computer Interaction, Hand gesture recognition, Contours, Convex hull, Haar cascade"
}

@article{Chen14,
    author = {Zhi-hua Chen and Jung-Tae Kim and Jianning Liang and Jing Zhang and Yu-Bo Yuan},
    title = {Real-Time Hand Gesture Recognition Using Finger Segmentation},
    journal = {The Scientific World Journal},
    volume = {2014},
    year = {2014}
}
